[gd_scene load_steps=2 format=2]

[ext_resource path="res://src/ui/ShipStats.gd" type="Script" id=1]

[node name="Control" type="Control"]
anchor_right = 1.0
anchor_bottom = 1.0
margin_left = 1.68188
margin_top = -0.840912
margin_right = 1.68188
margin_bottom = -0.840942
script = ExtResource( 1 )
__meta__ = {
"_edit_use_anchors_": false
}

[node name="Container" type="VBoxContainer" parent="."]
margin_left = -1.0
margin_top = 407.0
margin_right = 254.0
margin_bottom = 601.0
__meta__ = {
"_edit_use_anchors_": false
}

[node name="RichTextLabel" type="RichTextLabel" parent="Container"]
margin_right = 255.0
margin_bottom = 15.0
grow_horizontal = 2
grow_vertical = 2
bbcode_enabled = true
bbcode_text = "[center]Ship Statistics[/center]"
text = "Ship Statistics"
fit_content_height = true

[node name="Health" type="RichTextLabel" parent="Container"]
margin_top = 19.0
margin_right = 255.0
margin_bottom = 34.0
fit_content_height = true

[node name="Supplies" type="RichTextLabel" parent="Container"]
margin_top = 38.0
margin_right = 255.0
margin_bottom = 53.0
fit_content_height = true

[node name="Crew" type="RichTextLabel" parent="Container"]
margin_top = 57.0
margin_right = 255.0
margin_bottom = 72.0
bbcode_enabled = true
fit_content_height = true

[node name="DeltaV" type="RichTextLabel" parent="Container"]
margin_top = 76.0
margin_right = 255.0
margin_bottom = 91.0
bbcode_enabled = true
bbcode_text = "[center]X / Y Δv[/center]"
text = "X / Y Δv"
fit_content_height = true

[node name="Label" type="RichTextLabel" parent="Container"]
margin_top = 95.0
margin_right = 255.0
margin_bottom = 110.0
bbcode_enabled = true
bbcode_text = "[center]Orbit Statistics[/center]"
text = "Orbit Statistics"
fit_content_height = true

[node name="Altitude" type="RichTextLabel" parent="Container"]
margin_top = 114.0
margin_right = 255.0
margin_bottom = 129.0
grow_horizontal = 2
grow_vertical = 2
rect_min_size = Vector2( 200, 0 )
fit_content_height = true

[node name="Drag" type="RichTextLabel" parent="Container"]
margin_top = 133.0
margin_right = 255.0
margin_bottom = 148.0
rect_min_size = Vector2( 200, 0 )
fit_content_height = true

[node name="LowestOrbit" type="RichTextLabel" parent="Container"]
margin_top = 152.0
margin_right = 255.0
margin_bottom = 167.0
rect_min_size = Vector2( 200, 0 )
fit_content_height = true
